

@misc{ 
    spdlog_ref,
    author = "Gabi Melman",
    title = "spdlog",
    howpublished = {\url{https://github.com/gabime/spdlog}},
    year = "2022" 
},

@misc{ 
    cli11_ref,
    author = "CLIUtils",
    title = "CLI11",
    howpublished = {\url{https://github.com/CLIUtils/CLI11}},
    year = "2022" 
},

@misc{ 
    json_ref,
    author = "Niels Lohmann",
    title = "JSON for Modern C++",
    howpublished = {\url{https://nlohmann.github.io/json/}},
    year = "2022" 
},

@misc{ 
    protobuf,
    author = "Google",
    title = "Protocol Buffers",
    howpublished = {\url{https://developers.google.com/protocol-buffers}},
    year = "2022" 
},

@misc{ 
	plusaes,
	author = "kkAyataka",
	title = "plusaes",
	howpublished = {\url{https://github.com/kkAyataka/plusaes}},
	year = "2022" 
},

@misc{ 
	picosha,
	author = "okdshin",
	title = "PicoSHA2",
	howpublished = {\url{https://github.com/okdshin/PicoSHA2}},
	year = "2022" 
},

@misc{ 
	bigint,
	author = "faheel",
	title = "BigInt",
	howpublished = {\url{https://github.com/faheel/BigInt}},
	year = "2022" 
},
